@inproceedings{gabel2008case,
  title={A case study on improving defense behavior in soccer simulation 2D: The NeuroHassle approach},
  author={Gabel, Thomas and Riedmiller, Martin and Trost, Florian},
  booktitle={Robot Soccer World Cup},
  pages={61--72},
  year={2008},
  organization={Springer}
}
@inproceedings{celiberto2007heuristic,
  title={Heuristic reinforcement learning applied to robocup simulation agents},
  author={Celiberto, Luiz A and Ribeiro, Carlos HC and Costa, Anna HR and Bianchi, Reinaldo AC},
  booktitle={Robot Soccer World Cup},
  pages={220--227},
  year={2007},
  organization={Springer}
}
@inproceedings{Riedmiller2005Brainstormers2D,
  title={Brainstormers 2 D Team Description 2007},
  author={Martin Riedmiller and Thomas Gabel},
  year={2005}
}
@inproceedings{neri2012proposal,
  title={A proposal of QLearning to control the attack of a 2D robot soccer simulation team},
  author={Neri, Jos{\'e} Rodrigo Ferreira and Zatelli, Maicon Rafael and dos Santos, Carlos Henrique Farias and Fabro, Joao Alberto},
  booktitle={Robotics Symposium and Latin American Robotics Symposium (SBR-LARS), 2012 Brazilian},
  pages={174--178},
  year={2012},
  organization={IEEE}
}
@inproceedings{bianchi2010case,
  title={Case-Based Multiagent Reinforcement Learning: Cases as Heuristics for Selection of Actions.},
  author={Bianchi, Reinaldo AC and de Mantaras, Ram{\'o}n L{\'o}pez},
  booktitle={ECAI},
  pages={355--360},
  year={2010}
}
@inproceedings{liu2008regional,
  title={Regional cooperative multi-agent q-learning based on potential field},
  author={Liu, Liang and Li, Longshu},
  booktitle={Natural Computation, 2008. ICNC'08. Fourth International Conference on},
  volume={6},
  pages={535--539},
  year={2008},
  organization={IEEE}
}
@inproceedings{carvalho2011reinforcement,
  title={Reinforcement learning for the soccer dribbling task},
  author={Carvalho, Arthur and Oliveira, Renato},
  booktitle={Computational Intelligence and Games (CIG), 2011 IEEE Conference on},
  pages={95--101},
  year={2011},
  organization={IEEE}
}
@inproceedings{homem2017improving,
  title={Improving Reinforcement Learning results with Qualitative Spatial Representation},
  author={Homem, Thiago Pedro Donadon and Perico, Danilo Hernani and Santos, Paulo Eduardo and Costa, Anna Helena Reali and da Costa Bianchi, Reinaldo Augusto},
  booktitle={Intelligent Systems (BRACIS), 2017 Brazilian Conference on},
  pages={151--156},
  year={2017},
  organization={IEEE}
}
@inproceedings{liu2009sparse,
  title={Sparse Cooperative Multi-agent Q-learning Based on Vector Potential Field},
  author={Liu, Liang and Li, Longshu},
  booktitle={Global Congress on Intelligent Systems},
  pages={99--103},
  year={2009},
  organization={IEEE}
}
@article{neriteam,
  title={Team Description Paper GPR-2D 2012},
  author={Neri, Jos{\'e} Rodrigo F and Zatelli, Maicon R and Santos, Carlos HF and Fabro, Jo{\~a}o A},
  year={2012}
}
@book{russell2016artificial,
  title={Artificial intelligence: a modern approach},
  author={Russell, Stuart J and Norvig, Peter},
  year={2016},
  publisher={Malaysia; Pearson Education Limited,}
}
@article{koza1994genetic,
  title={Genetic Programming II: Automatic Discovery of Reusable Programs. 1994},
  author={Koza, John R},
  journal={Google Scholar},
  year={1994}
}

@book{shalev2014understanding,
  title={Understanding machine learning: From theory to algorithms},
  author={Shalev-Shwartz, Shai and Ben-David, Shai},
  year={2014},
  publisher={Cambridge university press}
}
@book{sutton2018reinforcement,
  title={Reinforcement learning: An introduction},
  author={Sutton, Richard S and Barto, Andrew G},
  year={2018},
  publisher={MIT press}
}
@article{chan2006optimum,
  title={Optimum maintenance policy with Markov processes},
  author={Chan, GK and Asgarpoor, Sohrab},
  journal={Electric power systems research},
  volume={76},
  number={6-7},
  pages={452--456},
  year={2006},
  publisher={Elsevier}
}
@article{watkins1992q,
  title={Q-learning},
  author={Watkins, Christopher JCH and Dayan, Peter},
  journal={Machine learning},
  volume={8},
  number={3-4},
  pages={279--292},
  year={1992},
  publisher={Springer}
}
@misc{simonini_2018, 
    title={Diving deeper into Reinforcement Learning with Q-Learning}, url={https://medium.freecodecamp.org/diving-deeper-into-reinforcement-learning-with-q-learning-c18d0db58efe}, 
    journal={freeCodeCamp.org}, publisher={freeCodeCamp.org}, author={Simonini, Thomas}, year={2018}, 
    month={Apr}
}

@misc{nascimento_2018, title={joaopedrofn/learnToWalk}, url={https://github.com/joaopedrofn/learnToWalk}, journal={GitHub}, author={Nascimento, João Pedro Figueiroa}, year={2018}, month={Nov}}
@inproceedings{de2018descoberta,
  title={Descoberta de Conhecimento em Base de Dados sobre o perfil de estudantes brasileiros de Tecnologia da Informa{\c{c}}{\~a}o},
  author={de Campos, Aline and Cazella, S{\'\i}lvio},
  booktitle={Anais dos Workshops do Congresso Brasileiro de Inform{\'a}tica na Educa{\c{c}}{\~a}o},
  volume={7},
  number={1},
  pages={449},
  year={2018}
}
@article{fayyad1996data,
  title={From data mining to knowledge discovery in databases},
  author={Fayyad, Usama and Piatetsky-Shapiro, Gregory and Smyth, Padhraic},
  journal={AI magazine},
  volume={17},
  number={3},
  pages={37},
  year={1996}
}
@incollection{Fayyad:1996:DMK:257938.257942,
 author = {Fayyad, Usama M. and Piatetsky-Shapiro, Gregory and Smyth, Padhraic},
 chapter = {From Data Mining to Knowledge Discovery: An Overview},
 title = {Advances in Knowledge Discovery and Data Mining},
 editor = {Fayyad, Usama M. and Piatetsky-Shapiro, Gregory and Smyth, Padhraic and Uthurusamy, Ramasamy},
 year = {1996},
 isbn = {0-262-56097-6},
 pages = {1--34},
 numpages = {34},
 url = {http://dl.acm.org/citation.cfm?id=257938.257942},
 acmid = {257942},
 publisher = {American Association for Artificial Intelligence},
 address = {Menlo Park, CA, USA},
} 
@book{friedman2001elements,
  title={The elements of statistical learning},
  author={Hastie, Trevor and Friedman, Jerome and Tibshirani, Robert},
  edition={2},
  year={2009},
  publisher={Springer series in statistics New York, NY, USA:}
}
@book{witten2016data,
  title={Data Mining: Practical machine learning tools and techniques},
  author={Witten, Ian H and Frank, Eibe and Hall, Mark A and Pal, Christopher J},
  year={2016},
  publisher={Morgan Kaufmann}
}
@article{zhao2009effects,
  title={Effects of feature construction on classification performance: An empirical study in bank failure prediction},
  author={Zhao, Huimin and Sinha, Atish P and Ge, Wei},
  journal={Expert Systems with Applications},
  volume={36},
  number={2},
  pages={2633--2644},
  year={2009},
  publisher={Elsevier}
}
@article{gao2008wavelet,
  title={Wavelet-based contourlet in quality evaluation of digital images},
  author={Gao, Xinbo and Lu, Wen and Li, Xuelong and Tao, Dacheng},
  journal={Neurocomputing},
  volume={72},
  number={1-3},
  pages={378--385},
  year={2008},
  publisher={Elsevier}
}
@article{adeodato2009role,
  title={The role of temporal feature extraction and bagging of MLP neural networks for solving the WCCI 2008 Ford Classification Challenge},
  author={Adeodato, Paulo JL and Arnaud, Adrian L and Vasconcelos, Germano C and Cunha, Rodrigo CLV and Gurgel, Tarcisio B and Monteiro, Domingos SMP},
  year={2009},
  publisher={IEEE}
}
@article{adeodato2008power,
  title={The power of sampling and stacking for the PAKDD-2007 cross-selling problem},
  author={Adeodato, Paulo JL and Vasconcelos, Germano C and Arnaud, Adrian L and Cunha, Rodrigo CLV and Monteiro, Domingos SMP and Neto, Rosalvo FO},
  journal={International Journal of Data Warehousing and Mining (IJDWM)},
  volume={4},
  number={2},
  pages={22--31},
  year={2008},
  publisher={IGI Global}
}
@inproceedings{oliveira2009data,
  title={A data mining approach to solve the goal scoring problem},
  author={Oliveira, Renato and Adeodato, Paulo and Carvalho, Arthur and Viegas, Icamaan and Diego, Christian and Ing-Ren, Tsang},
  booktitle={Neural Networks, 2009. IJCNN 2009. International Joint Conference on},
  pages={2347--2352},
  year={2009},
  organization={IEEE}
}
@inproceedings{kitano1997robocup,
  title={Robocup: A challenge problem for ai and robotics},
  author={Kitano, Hiroaki and Asada, Minoru and Kuniyoshi, Yasuo and Noda, Itsuki and Osawai, Eiichi and Matsubara, Hitoshi},
  booktitle={Robot Soccer World Cup},
  pages={1--19},
  year={1997},
  organization={Springer}
}
@article{henn2017optimizing,
  title={Optimizing player’s formations for corner-kick situations in RoboCup soccer 2D simulation},
  author={Henn, Thomas and Henrio, Jordan and Nakashima, Tomoharu},
  journal={Artificial Life and Robotics},
  volume={22},
  number={3},
  pages={296--300},
  year={2017},
  publisher={Springer}
}
@misc{robocupfederationofficialwebsite, title={RoboCupSoccer - Simulation 2D}, url={https://www.robocup.org/leagues/24}, journal={RoboCup Federation official website}, author={RoboCup}, access={14 Fev. 2019}, year={2019}}
@inproceedings{schmill2000learning,
  title={Learning Planning Operators in Real-World, Partially Observable Environments.},
  author={Schmill, Matthew D and Oates, Tim and Cohen, Paul R},
  booktitle={AIPS},
  pages={246--253},
  year={2000}
}
@article{hayes1995architecture,
  title={An architecture for adaptive intelligent systems},
  author={Hayes-Roth, Barbara},
  journal={Artificial Intelligence},
  volume={72},
  number={1-2},
  pages={329--365},
  year={1995},
  publisher={Elsevier}
}
@inproceedings{wooldridge2001intelligent,
  title={Intelligent agents: The key concepts},
  author={Wooldridge, Michael},
  booktitle={ECCAI Advanced Course on Artificial Intelligence},
  pages={3--43},
  year={2001},
  organization={Springer}
}
@inproceedings{franklin1996agent,
  title={Is it an Agent, or just a Program?: A Taxonomy for Autonomous Agents},
  author={Franklin, Stan and Graesser, Art},
  booktitle={International Workshop on Agent Theories, Architectures, and Languages},
  pages={21--35},
  year={1996},
  organization={Springer}
}
@inproceedings{poggi1996multi,
  title={A multi language environment to develop multi agent applications},
  author={Poggi, Agostino and Adorni, Giovanni},
  booktitle={International Workshop on Agent Theories, Architectures, and Languages},
  pages={325--339},
  year={1996},
  organization={Springer}
}